<record xmlns="http://www.loc.gov/MARC21/slim" xmlns:xsi="http://www.w3.org/2001/XMLSchema-instance" xsi:schemaLocation="http://www.loc.gov/MARC21/slim http://www.loc.gov/standards/marcxml/schema/MARC21slim.xsd"><leader>01775nam a2200349   4500</leader><controlfield tag="001">001676540</controlfield><controlfield tag="003">NNU</controlfield><controlfield tag="006">m        d        </controlfield><controlfield tag="007">cr cn |||m|||a</controlfield><controlfield tag="008">150223s1952    le      o     000 0 ara d</controlfield><datafield ind1=" " ind2=" " tag="040"><subfield code="a">NNU</subfield><subfield code="b">eng</subfield><subfield code="c">NNU</subfield></datafield><datafield ind1=" " ind2="4" tag="050"><subfield code="a">PJ7750.I2</subfield><subfield code="b">A17 1952</subfield></datafield><datafield ind1="1" ind2=" " tag="100"><subfield code="6">880-01</subfield><subfield code="a">Ibn Ha&#772;ni&#772; al-Andalusi&#772;, Abu&#772; al-Qa&#772;sim Muh&#803;ammad,</subfield><subfield code="d">937?-973.</subfield></datafield><datafield ind1="1" ind2="0" tag="245"><subfield code="6">880-02</subfield><subfield code="a">Di&#772;wa&#772;n Ibn Ha&#772;ni&#772;</subfield><subfield code="h">[electronic resource] :</subfield><subfield code="b">tah&#803;qi&#772;q wa-sharh&#803; Karam al-Busta&#772;ni&#772;.</subfield></datafield><datafield ind1=" " ind2=" " tag="260"><subfield code="6">880-03</subfield><subfield code="a">Bayru&#772;t,</subfield><subfield code="b">Maktabat S&#803;a&#772;dir,</subfield><subfield code="c">[1952]</subfield></datafield><datafield ind1=" " ind2=" " tag="300"><subfield code="a">online resource (437 p.)</subfield></datafield><datafield ind1=" " ind2=" " tag="500"><subfield code="a">Part of the Arabic Collections Online (ACO) project, contributed by New York Univeristy Libraries.</subfield></datafield><datafield ind1=" " ind2=" " tag="533"><subfield code="a">Electronic reproduction.</subfield><subfield code="b">New York, N.Y. :</subfield><subfield code="c">New York University,</subfield><subfield code="d">2015.</subfield><subfield code="5">NNU</subfield></datafield><datafield ind1="1" ind2="0" tag="600"><subfield code="a">Bust&#257;n&#299;, Karam</subfield><subfield code="e">ed.</subfield></datafield><datafield ind1="1" ind2="7" tag="600"><subfield code="a">Busta&#772;ni&#772;, Karam.</subfield><subfield code="2">fast</subfield><subfield code="0">(OCoLC)fst00273490</subfield></datafield><datafield ind1="1" ind2=" " tag="700"><subfield code="6">880-04</subfield><subfield code="a">Bust&#257;n&#299;, Karam</subfield></datafield><datafield ind1="2" ind2=" " tag="710"><subfield code="a">New York University.</subfield><subfield code="b">Libraries.</subfield></datafield><datafield ind1="0" ind2=" " tag="730"><subfield code="a">Arabic Collections Online.</subfield></datafield><datafield ind1="0" ind2="8" tag="776"><subfield code="i">Online version:</subfield><subfield code="a">Ibn Ha&#772;ni&#772; al-Andalusi&#772;, Abu&#772; al-Qa&#772;sim Muh&#803;ammad, 937?-973.</subfield><subfield code="t">Di&#772;wa&#772;n Ibn Ha&#772;ni&#772;</subfield><subfield code="d">Bayru&#772;t, Maktabat S&#803;a&#772;dir, [1952]</subfield><subfield code="w">(OCoLC)584019570</subfield></datafield><datafield ind1="0" ind2="8" tag="776"><subfield code="i">Print version:</subfield><subfield code="a">Ibn Ha&#772;ni&#772; al-Andalusi&#772;, Abu&#772; al-Qa&#772;sim Muh&#803;ammad, 937?-973.</subfield><subfield code="t">Di&#772;wa&#772;n Ibn Ha&#772;ni&#772;</subfield><subfield code="w">(NNU)001676540</subfield></datafield><datafield ind1="4" ind2="0" tag="856"><subfield code="u">http://hdl.handle.net/2333.1/tb2rbqvv</subfield></datafield><datafield ind1="1" ind2=" " tag="880"><subfield code="6">100-01/</subfield><subfield code="a">&#1575;&#1576;&#1606; &#1607;&#1575;&#1606;&#1610; &#1575;&#1604;&#1575;&#1606;&#1583;&#1604;&#1587;&#1610;, &#1575;&#1576;&#1608; &#1575;&#1604;&#1602;&#1575;&#1587;&#1605; &#1605;&#1581;&#1605;&#1583;.</subfield></datafield><datafield ind1="1" ind2="0" tag="880"><subfield code="6">245-02/</subfield><subfield code="a">&#1583;&#1610;&#1608;&#1575;&#1606; &#1575;&#1576;&#1606; &#1607;&#1575;&#1606;&#1610; /</subfield><subfield code="c">&#1578;&#1581;&#1602;&#1610;&#1602; &#1608;&#1588;&#1585;&#1581; &#1603;&#1585;&#1605; &#1575;&#1604;&#1576;&#1587;&#1578;&#1575;&#1606;&#1610;.</subfield></datafield><datafield ind1=" " ind2=" " tag="880"><subfield code="6">260-03/</subfield><subfield code="a">&#1576;&#1610;&#1585;&#1608;&#1578; :</subfield><subfield code="b">&#1605;&#1603;&#1578;&#1576;&#1577; &#1589;&#1575;&#1583;&#1585;,</subfield><subfield code="c">[1952]</subfield></datafield><datafield ind1="1" ind2=" " tag="880"><subfield code="6">700-04/</subfield><subfield code="a">&#1576;&#1587;&#1578;&#1575;&#1606;&#1610;, &#1603;&#1585;&#1605;.</subfield></datafield><datafield ind1=" " ind2=" " tag="959"><subfield code="a">NNU</subfield><subfield code="b">WEB</subfield><subfield code="c">GENI</subfield><subfield code="t">0</subfield><subfield code="m">Electronic access</subfield><subfield code="s">01</subfield></datafield><datafield ind1=" " ind2=" " tag="999"><subfield code="i">NNU_001676540</subfield><subfield code="s">nyu_aco000359</subfield></datafield></record>